@inproceedings{QueueingCassandra,
    author = {Dipietro, Salvatore and Casale, Giuliano and Serazzi, Giuseppe},
    title = {A Queueing Network Model for Performance Prediction of Apache Cassandra},
    year = {2017},
    isbn = {9781631901416},
    publisher = {ICST (Institute for Computer Sciences, Social-Informatics and Telecommunications Engineering)},
    address = {Brussels, BEL},
    url = {https://doi.org/10.4108/eai.25-10-2016.2266606},
    doi = {10.4108/eai.25-10-2016.2266606},
    booktitle = {Proceedings of the 10th EAI International Conference on Performance Evaluation Methodologies and Tools on 10th EAI International Conference on Performance Evaluation Methodologies and Tools},
    pages = {186–193},
    numpages = {8},
    keywords = {queueing network model, apache cassandra, simulation, nosql database},
    location = {Taormina, Italy},
    series = {VALUETOOLS’16}
}
@inproceedings{amorin2019novel,
  title={A novel stop criterion to support efficient Multi-robot mapping},
  author={Amor{\'\i}n, Guillermo and Benavides, Facundo and Grmapin, Eduardo},
  booktitle={2019 Latin American Robotics Symposium (LARS), 2019 Brazilian Symposium on Robotics (SBR) and 2019 Workshop on Robotics in Education (WRE)},
  pages={369--374},
  year={2019},
  organization={IEEE}
}

@inproceedings{wurm2008coordinated,
  title={Coordinated multi-robot exploration using a segmentation of the environment},
  author={Wurm, Kai M and Stachniss, Cyrill and Burgard, Wolfram},
  booktitle={2008 IEEE/RSJ International Conference on Intelligent Robots and Systems},
  pages={1160--1165},
  year={2008},
  organization={IEEE}
}

@article{wu2007voronoi,
	author = {Ling Wu and Miguel Ángel García García and Domenec Puig Valls and Albert Solé Ribalta},
	title = {Voronoi-based space partitioning for coordinated multi-robot exploration},
	journal = {Journal of Physical Agents},
	volume = {1},
	number = {1},
	year = {2007},
	keywords = {Multi-robot; Exploration; Polygonal model; K-means},
	abstract = {Recent multi-robot exploration algorithms usually rely on occupancy grids as their core world representation. However, those grids are not appropriate for environments that are very large or whose boundaries are not well delimited from the beginning of the exploration. In contrast, polygonal representations do not have such limitations. Previously, the authors have proposed a new exploration algorithm based on partitioning unknown space into as many regions as available robots by applying K-Means clustering to an occupancy grid representation, and have shown that this approach leads to higher robot dispersion than other approaches, which is potentially beneficial for quick coverage of wide areas. In this paper, the original K-Means clustering applied over grid cells, which is the most expensive stage of the aforementioned exploration algorithm, is substituted for a Voronoi-based partitioning algorithm applied to polygons. The computational cost of the exploration algorithm is thus significantly reduced for large maps. An empirical evaluation and comparison of both partitioning approaches is presented.},
	pages = {37--44},	doi = {10.14198/JoPha.2007.1.1.05},
	howpublished = {https://www.jopha.ua.es/article/view/2007-v1-n1-voronoi-based-space-partitioning-for-coordinated-multi-robot-exploration}
}

@article{fortune1987sweepline,
  title={A sweepline algorithm for Voronoi diagrams},
  author={Fortune, Steven},
  journal={Algorithmica},
  volume={2},
  number={1},
  pages={153--174},
  year={1987},
  publisher={Springer}
}


@article{zhang1984fast,
  title={A fast parallel algorithm for thinning digital patterns},
  author={Zhang, TY and Suen, Ching Y.},
  journal={Communications of the ACM},
  volume={27},
  number={3},
  pages={236--239},
  year={1984},
  publisher={ACM New York, NY, USA}
}

@incollection{meijster2002general,
  title={A general algorithm for computing distance transforms in linear time},
  author={Meijster, Arnold and Roerdink, Jos BTM and Hesselink, Wim H},
  booktitle={Mathematical Morphology and its applications to image and signal processing},
  pages={331--340},
  year={2002},
  publisher={Springer}
}

@article{schachter1978decomposition,
  title={Decomposition of polygons into convex sets},
  author={Schachter, Bruce},
  journal={IEEE Transactions on Computers},
  number={11},
  pages={1078--1082},
  year={1978},
  publisher={IEEE}
}

@article{sleumer1999exact,
  title={Exact cell decomposition of arrangements used for path planning in robotics},
  author={Sleumer, Nora and Tschichold-G{\"u}rmann, Nadine},
  journal={Technical report/ETH Z{\"u}rich, Department of Computer Science},
  volume={329},
  year={1999},
  publisher={ETH Zurich}
}


@Misc{backoff,
    author = {Niels Provos y Thorsten Holz},
    title = {Virtual Honeypots: From Botnet Tracking to Intrusion Detection},
    }
@Misc{gmapping,
    title = {Gmapping},
    author = { Brian Gerkey},
    howpublished  = {\\\url{http://wiki.ros.org/gmapping}\\
    Accedido por ultima vez: 04/07/2020}
    }
@Misc{rviz,
    title = {rviz},
    howpublished  = {\\\url{http://wiki.ros.org/rviz}\\
    Accedido por ultima vez: 13/07/2020}
    }
@Misc{clangf,
    title = {ClangFormat},
    howpublished  = {\\\url{https://clang.llvm.org/docs/ClangFormat.html}\\
    Accedido por ultima vez: 13/07/2020}
    }
    
@article{kalra2009incremental,
  title={Incremental reconstruction of generalized Voronoi diagrams on grids},
  author={Kalra, Nidhi and Ferguson, Dave and Stentz, Anthony},
  journal={Robotics and Autonomous Systems},
  volume={57},
  number={2},
  pages={123--128},
  year={2009},
  publisher={Elsevier}
}

    
@Misc{bgl,
    title = {Boost Graph Library},
    howpublished  = {\\\url{https://www.boost.org/doc/libs/1_73_0/libs/graph/doc/index.html}\\
    Accedido por ultima vez: 14/07/2020}
    }
    
@article{cao1997cooperative,
  title={Cooperative mobile robotics: Antecedents and directions},
  author={Cao, Y Uny and Fukunaga, Alex S and Kahng, Andrew},
  journal={Autonomous robots},
  volume={4},
  number={1},
  pages={7--27},
  year={1997},
  publisher={Springer}
}

@article{dudek1996taxonomy,
  title={A taxonomy for multi-agent robotics},
  author={Dudek, Gregory and Jenkin, Michael RM and Milios, Evangelos and Wilkes, David},
  journal={Autonomous Robots},
  volume={3},
  number={4},
  pages={375--397},
  year={1996},
  publisher={Springer}
}

@article{guzzoni1997many,
  title={Many robots make short work: Report of the SRI International mobile robot team},
  author={Guzzoni, Didier and Cheyer, Adam and Julia, Luc and Konolige, Kurt},
  journal={AI magazine},
  volume={18},
  number={1},
  pages={55--55},
  year={1997}
}

@inproceedings{goldberg1997interference,
  title={Interference as a tool for designing and evaluating multi-robot controllers},
  author={Goldberg, Dani and Mataric, Maja J},
  booktitle={Aaai/iaai},
  pages={637--642},
  year={1997}
}

@article{schneider1998territorial,
  title={Territorial multi-robot task division},
  author={Schneider-Fontan, Miguel and Mataric, Maja J},
  journal={IEEE Transactions on Robotics and Automation},
  volume={14},
  number={5},
  pages={815--822},
  year={1998},
  publisher={IEEE}
}

@article{nieto2014coordination,
  title={Coordination strategies for multi-robot exploration and mapping},
  author={Nieto-Granda, Carlos and Rogers III, John G and Christensen, Henrik I},
  journal={The International Journal of Robotics Research},
  volume={33},
  number={4},
  pages={519--533},
  year={2014},
  publisher={SAGE Publications Sage UK: London, England}
}

@Misc{codigo,
    title = {Código fuente},
    howpublished  = {\\\url{https://gitlab.fing.edu.uy/gamorin/tscf_exploration/-/tree/voronoi-solo-segmentacion}\\
    Accedido por ultima vez: 28/07/2020}
    }

@Misc{morse,
    title = {MORSE},
    howpublished  = {\\\url{https://www.openrobots.org/morse/doc/stable/morse.html}\\
    Accedido por ultima vez: 15/07/2020}
    }
    
 @Misc{gnuplot,
    title = {gnuplot},
    howpublished  = {\\\url{http://www.gnuplot.info/}\\
    Accedido por ultima vez: 15/07/2020}
    }
    
 @Misc{ros,
    title = {ROS},
    howpublished  = {\\\url{http://wiki.ros.org/}\\
    Accedido por ultima vez: 15/07/2020}
    }
    
 @Misc{strucs,
    author = {Brian "Beej Jorgensen" Hall},
    title = {struct sockaddr\_in, struct in\_addr},
    howpublished  = {\\\url{www.gta.ufrj.br/ensino/eel878/sockets/sockaddr_inman.html}\\
    Accedido por ultima vez: 16/08/2019}
    }
  
 @Misc{libro,
    author = {Kenneth Geisshirt},
    title = {Pluggable Authentication Modules The Definitive Guide to PAM for Linux SysAdmins and C Developers}
    }
 @Misc{tutorialap,
    title = {Tutorial aplicacion},
    howpublished  = {\\\url{https://fedetask.com/writing-a-linux-pam-aware-application/}\\
    Accedido por ultima vez: 17/08/2019}
    }    

 @Misc{tutorialm,
    title = {Tutorial modulo},
    howpublished  = {\\\url{https://fedetask.com/write-linux-pam-module/}\\
    Accedido por ultima vez: 17/08/2019}
    }
 @Misc{ldc,
    author = {D. Gollman},
    title = { Computer Security 3rd edition},
    }
   
